@inbook{linehan1979assertion,
author = {Linehan, Marsha},
booktitle = {Cognitive-behavioral interventions: Theory, research, and procedures},
editor = {Kendall, Philip C and Hollon, Steven D},
pages = {205--237},
publisher = {Academic Press},
title = {{Structured cognitive-behavioural treatment of assertion problems}},
year = {1979}
}
